@article{fomin_golovach_panolan_2020,
  title        = {Parameterized low-rank binary matrix approximation},
  volume       = {34},
  doi          = {10.1007/s10618-019-00669-5},
  number       = {2},
  journal      = {Data Mining and Knowledge Discovery},
  author       = {Fomin, Fedor V. and Golovach, Petr A. and Panolan, Fahad},
  year         = {2020},
  pages        = {478–532},
  howpublished = {\url{https://doi.org/10.1007/s10618-019-00669-5}}
}
@book{gan07,
  title     = {Data Clustering: Theory, Algorithms, and Applications},
  author    = {Gan, Guojun and Ma, Chaoqun and Wu, Jianhong},
  year      = {2007},
  publisher = {SIAM},
  address   = {Philadelphia, ASA, Alexandria, VA}
}
@book{param_algo_book,
  title     = {Parameterized Algorithms},
  author    = {
               Cygan, Marek and 
               Fomin, Fedor V. and 
               Kowalik, Lukasz and 
               Lokshtanov, Daniel and 
               Marx, Dániel and 
               Pilipczuk, Marcin and 
               Pilipczuk, Michal and 
               Saurabh, Saket
               },
  publisher = {Springer},
  year      = {2016},
  month     = {May}
}
@misc{bitset_java_17_2021,
  title        = {Java Platform, Standard Edition Java API Reference},
  howpublished = {\url{https://docs.oracle.com/en/java/javase/17/docs/api/java.base/java/util/BitSet.html}},
  journal      = {BitSet (Java SE 17 & JDK 17)},
  author       = {Oracle},
  year         = {2021},
  note         = {Accessed: 2021-08-11}
}
@misc{datastudio_results,
  title        = {Google datastudio Results},
  howpublished = {\url{https://datastudio.google.com/reporting/e9511b18-ed5f-4017-a369-a5833000b68f}},
  author       = {Leirvåg, Oskar Leonhard Fretheim},
  year         = {2021}
}
@misc{dickey_v._advanced_micro_devices:inc._2020,
  howpublished = {\url{https://www.govinfo.gov/app/details/USCOURTS-cand-4_15-cv-04922/USCOURTS-cand-4_15-cv-04922-16}},
  number       = {4:15-cv-04922-HSG},
  journal      = {govinfo.gov},
  key          = {dickey v. AMD},
  publisher    = {United States District Court Northern District of California},
  year         = {2020},
  month        = {Feb},
  pages        = {7},
  note         = {STIPULATED FINAL ORDER AND JUDGMENT}
}
@misc{dickey_v._advanced_micro_devices:inc._2015,
  howpublished = {\url{https://angeion-public.s3.amazonaws.com/www.AMDCPUSettlement.com/docs/Complaint.pdf}},
  number       = {4:15-cv-04922-HSG},
  journal      = {AMDCPUSettlement.com},
  key          = {dickey v. AMD},
  publisher    = {United States District Court Northern District of California},
  year         = {2015},
  month        = {Oct},
  pages        = {95},
  note         = {COMPLAINT AND DEMAND FOR JURY TRIAL, CLASS ACTION}
}
@misc{chaim_gartenberg_2019,
  title        = {AMD to pay out \$12.1 million in false advertising class action suit over Bulldozer chips},
  howpublished = {https://www.theverge.com/circuitbreaker/2019/8/28/20837336/amd-12-million-false-advertising-class-action-lawsuit-bulldozer-chips},
  journal      = {The Verge},
  publisher    = {The Verge},
  author       = {Chaim Gartenberg},
  year         = {2019},
  month        = {Aug}
}
@misc{ibm:support:k-means:opinion,
  title        = {Clustering binary data with K-Means (should be avoided)},
  howpublished = {\url{https://www.ibm.com/support/pages/clustering-binary-data-k-means-should-be-avoided}},
  journal      = {IBM support},
  author       = {IBM SPSS Statistics},
  year         = {2020},
  month        = {April},
  day          = {16},
  note         = {Accessed: 2021-11-15}
}
@article{DanChen2015LRAo,
  year      = {2015},
  title     = {Low Rank Approximation of Binary Matrices: Column Subset Selection and Generalizations},
  copyright = {http://arxiv.org/licenses/nonexclusive-distrib/1.0},
  language  = {eng},
  author    = {Dan, Chen and Hansen, Kristoffer Arnsfelt and Jiang, He and Wang, Liwei and Zhou, Yuchen}
}
@misc{SimonovKirill2021ACoC,
  publisher    = {The University of Bergen},
  isbn         = {9788230866511},
  year         = {2021},
  title        = {Algorithmic Complexity of Clustering and Low-Rank Approximation Problems},
  copyright    = {\url{http://rightsstatements.org/page/InC/1.0/}; In copyright},
  language     = {eng},
  author       = {Simonov, Kirill},
  howpublished = {https://hdl.handle.net/11250/2735169}
}
@mastersthesis{zohar:k-means-viability,
  author = {Zohar Malamant},
  title  = {Viability of k-Means Polynomial-Time Approximation
            Schemes and Heuristics for Binary Matrix- and Low Rank
            Binary Matrix Approximation Problems},
  school = {University of Bergen},
  year   = {2019}
}