@book{gan07,
  title     = "Data Clustering: Theory, Algorithms, and Applications",
  author    = "Gan, Guojun and Chaoqun Ma and Jianhong Wu",
  year      = 2007,
  publisher = "SIAM",
  address   = "Philadelphia, ASA, Alexandria, VA",
  editor    = "ASA-SIAM Series on Statistics and Applied Probability"
}
